<record><leader>00000cas a22000007a 4500</leader><controlfield tag="001">8654504</controlfield><controlfield tag="008">820803d18751878mauwr ne      0    0eng d</controlfield><datafield ind1=" " ind2=" " tag="010"><subfield code="a">sn 84023346 </subfield></datafield><datafield ind1=" " ind2=" " tag="040"><subfield code="a">VYN</subfield><subfield code="b">eng</subfield><subfield code="c">VYN</subfield><subfield code="d">NPX</subfield><subfield code="d">CNK</subfield><subfield code="d">OCLCQ</subfield><subfield code="d">OCLCG</subfield><subfield code="d">OCLCF</subfield><subfield code="d">OCLCO</subfield></datafield><datafield ind1="1" ind2=" " tag="029"><subfield code="a">AU@</subfield><subfield code="b">000025822940</subfield></datafield><datafield ind1=" " ind2=" " tag="042"><subfield code="a">msc</subfield></datafield><datafield ind1="0" ind2=" " tag="130"><subfield code="a">Golden rule (Boston, Mass. : 1875)</subfield></datafield><datafield ind1="0" ind2="4" tag="245"><subfield code="a">The Golden rule.</subfield></datafield><datafield ind1=" " ind2=" " tag="260"><subfield code="a">Boston, Mass. :</subfield><subfield code="b">The Golden Rule Co.,</subfield><subfield code="c">1875-1878.</subfield></datafield><datafield ind1=" " ind2=" " tag="300"><subfield code="a">v.</subfield></datafield><datafield ind1=" " ind2=" " tag="310"><subfield code="a">Weekly</subfield></datafield><datafield ind1="0" ind2=" " tag="362"><subfield code="a">Vol. 1, no. 1 (Oct. 6, 1875)-v. 4, no. 11 (Dec. 11, 1878).</subfield></datafield><datafield ind1=" " ind2=" " tag="500"><subfield code="a">Has subtitle: An independent, religious, family journal.</subfield></datafield><datafield ind1=" " ind2=" " tag="500"><subfield code="a">Editor: W.H.H. Murray, 1875-1878.</subfield></datafield><datafield ind1=" " ind2="0" tag="650"><subfield code="a">Christianity</subfield><subfield code="v">Newspapers.</subfield></datafield><datafield ind1=" " ind2="0" tag="650"><subfield code="a">Christian life</subfield><subfield code="v">Newspapers.</subfield></datafield><datafield ind1=" " ind2="7" tag="655"><subfield code="a">Newspapers.</subfield><subfield code="2">fast</subfield><subfield code="0">(OCoLC)fst01423814</subfield></datafield><datafield ind1=" " ind2="7" tag="650"><subfield code="a">Christian life.</subfield><subfield code="2">fast</subfield><subfield code="0">(OCoLC)fst00859185</subfield></datafield><datafield ind1=" " ind2="7" tag="650"><subfield code="a">Christianity.</subfield><subfield code="2">fast</subfield><subfield code="0">(OCoLC)fst00859599</subfield></datafield><datafield ind1="1" ind2=" " tag="700"><subfield code="a">Murray, W. H. H.</subfield><subfield code="q">(William Henry Harrison),</subfield><subfield code="d">1840-1904.</subfield></datafield><datafield ind1=" " ind2=" " tag="752"><subfield code="a">United States</subfield><subfield code="b">Massachusetts</subfield><subfield code="c">Suffolk</subfield><subfield code="d">Boston.</subfield></datafield><datafield ind1="0" ind2="0" tag="785"><subfield code="t">Golden rule magazine (Boston, Mass.)</subfield></datafield><datafield ind1=" " ind2=" " tag="936"><subfield code="a">Sept. 26, 1877</subfield></datafield></record>